<record xmlns='http://www.loc.gov/MARC21/slim'><leader>01994ccm a2200433 i 4500</leader><controlfield tag='001'>8665709</controlfield><controlfield tag='005'>20220926082818.0</controlfield><controlfield tag='006'>m     o  d        </controlfield><controlfield tag='007'>cr bn ---munuu</controlfield><controlfield tag='008'>220806s2022    qeamrl  o      nn   zxx d</controlfield><datafield ind1='1' ind2=' ' tag='019'><subfield code='a'>72326671</subfield></datafield><datafield ind1='2' ind2='0' tag='024'><subfield code='a'>9790720160313</subfield></datafield><datafield ind1=' ' ind2=' ' tag='035'><subfield code='a'>(AU-CaNED)NED234673P723826</subfield></datafield><datafield ind1=' ' ind2=' ' tag='040'><subfield code='a'>QSL:NED</subfield><subfield code='b'>eng</subfield><subfield code='e'>rda</subfield><subfield code='d'>QSL:NED</subfield><subfield code='d'>QSL:NED</subfield></datafield><datafield ind1=' ' ind2=' ' tag='042'><subfield code='a'>anuc</subfield></datafield><datafield ind1=' ' ind2=' ' tag='043'><subfield code='a'>u-at-qn</subfield></datafield><datafield ind1='1' ind2=' ' tag='100'><subfield code='a'>Rouget de Lisle, Claude Joseph,</subfield><subfield code='d'>1760-1836.</subfield></datafield><datafield ind1='1' ind2='0' tag='245'><subfield code='a'>Marche des Marseillois :</subfield><subfield code='b'>modern instrumentation /</subfield><subfield code='c'>Claude Joseph Rouget de Lisle ; arranged by François-Joseph Gossec; modern edition by  Craig Dabelstein.</subfield></datafield><datafield ind1=' ' ind2=' ' tag='250'><subfield code='a'>Modern edition.</subfield></datafield><datafield ind1=' ' ind2='0' tag='264'><subfield code='a'>[Kedron] :</subfield><subfield code='b'>Maxime&apos;s Music,</subfield><subfield code='c'>2022.</subfield></datafield><datafield ind1=' ' ind2=' ' tag='300'><subfield code='a'>1 online resource (1 score)</subfield></datafield><datafield ind1=' ' ind2=' ' tag='336'><subfield code='a'>notated music</subfield><subfield code='b'>ntm</subfield><subfield code='2'>rdacontent</subfield></datafield><datafield ind1=' ' ind2=' ' tag='337'><subfield code='a'>computer</subfield><subfield code='b'>c</subfield><subfield code='2'>rdamedia</subfield></datafield><datafield ind1=' ' ind2=' ' tag='338'><subfield code='a'>online resource</subfield><subfield code='b'>cr</subfield><subfield code='2'>rdacarrier</subfield></datafield><datafield ind1=' ' ind2=' ' tag='347'><subfield code='a'>text file</subfield><subfield code='b'>PDF</subfield><subfield code='c'>462KB</subfield></datafield><datafield ind1=' ' ind2=' ' tag='500'><subfield code='a'>At base of title: Concert Band -- 2 Flutes--Oboe --2 Bassoons --2 Clarinets --Bass Clarinet --Alto Saxophone --Tenor Saxophone --Baritone Saxophone --2 Horns in F -- 3 Trumpets --Trombones --Euphonium --2 Tubas --Bass Drum --Cymbals.</subfield></datafield><datafield ind1=' ' ind2=' ' tag='500'><subfield code='a'>Modern edition by Craig Dabelstein.</subfield></datafield><datafield ind1=' ' ind2=' ' tag='500'><subfield code='a'>Title from PDF cover page (viewed on 22 August, 2022)</subfield></datafield><datafield ind1='0' ind2=' ' tag='506'><subfield code='a'>National edeposit: Available online with download restriction</subfield><subfield code='f'>Unrestricted online access</subfield><subfield code='2'>star</subfield><subfield code='5'>AU-CaNED</subfield></datafield><datafield ind1=' ' ind2=' ' tag='546'><subfield code='a'>Staff notation.</subfield></datafield><datafield ind1=' ' ind2='0' tag='650'><subfield code='a'>Band music, Arranged</subfield><subfield code='v'>Scores and parts.</subfield></datafield><datafield ind1=' ' ind2='0' tag='650'><subfield code='a'>Marches (Band), Arranged</subfield><subfield code='v'>Scores and parts.</subfield></datafield><datafield ind1=' ' ind2='7' tag='655'><subfield code='a'>Scores.</subfield><subfield code='2'>lcgft</subfield></datafield><datafield ind1='1' ind2=' ' tag='700'><subfield code='a'>Dabelstein, Craig.</subfield></datafield><datafield ind1='1' ind2=' ' tag='700'><subfield code='a'>Gossec, François Joseph,</subfield><subfield code='d'>1734-1829,</subfield><subfield code='e'>arranger.</subfield></datafield><datafield ind1='4' ind2='0' tag='856'><subfield code='z'>National edeposit</subfield><subfield code='u'>https://nla.gov.au/nla.obj-3094353585</subfield><subfield code='x'>fulltext</subfield></datafield><datafield ind1='4' ind2='2' tag='856'><subfield code='3'>Thumbnail</subfield><subfield code='u'>https://nla.gov.au/nla.obj-3094353585-t</subfield></datafield><datafield ind1='4' ind2='2' tag='856'><subfield code='z'>Publisher&apos;s website</subfield><subfield code='u'>https://www.concertbandmusicstore.com/product/gossec-marche-des-marseillois</subfield></datafield><datafield ind1=' ' ind2=' ' tag='984'><subfield code='a'>ANL:NED</subfield><subfield code='c'>National edeposit</subfield></datafield></record>